@book{key,
  author    = {Hey},
  editor    = {Hey},
  title     = {Hey},
  publisher = {Hey},
  year      = {Hey}
}

@article{LHCb1,
  author  = {LHCb Collaboration},
  title   = {LHCb – the Large Hadron Collider beauty experiment, reoptimised detector design and performance},
  year    = {2003},
  journal = {Rep. CERN/LHCC 2003-030},
  note    = {CERN, Geneva, Switzerland}
}

@article{LHCb2,
  author  = {D. R. Myers},
  title   = {The LHC experiments Joint COntrols Project, JCOP},
  year    = {2003},
  month   = {oct},
  journal = {Proc. Int. Conf. on Accelerator and Large Experimental Physics Control Systems (ICALEPCS’99)},
  note    = {Trieste, Italy}
}

@misc{PVSS,
  author = {Siemens},
  title  = {PVSS-II / WinCC-OA},
  month  = {jul},
  year   = {2020},
  url    = {http://www.etm.at/index_e.asp}
}

@misc{WinCCHelp,
  author = {Siemens},
  title  = {WinCC-OA Online Help},
  month  = {jul},
  year   = {2020},
  url    = {http://www.winccoa.top/help316p006}
}

@book{ref2,
  author    = {Dupont, Fernand},
  title     = {Les choux farcis},
  publisher = {Un gros éditeur},
  year      = {2004}
}

@phdthesis{ref5,
  title  = {La belle thèse},
  author = {Barbu, Monsieur},
  school = {Université},
  year   = {2002}
}

@unpublished{ref6,
  author = {Mauvais, Monsieur},
  title  = {Mon roman inachevé},
  note   = {il est chouette mon roman},
  year   = {2000},
  month  = {feb}
}
